<?xml version="1.0" encoding="UTF-8"?><collection xmlns="http://www.loc.gov/MARC21/slim"><record><leader>00354nam--2200121-i-4500</leader><controlfield tag="001">000001893</controlfield><controlfield tag="002">20161230</controlfield><controlfield tag="005">20161230201024</controlfield><controlfield tag="008">060222s1000------------r-----000-0-eng-d</controlfield><datafield ind1=" " ind2=" " tag="080"><subfield code="a">533.9(038)=20:801.323.1=20</subfield></datafield><datafield ind1=" " ind2=" " tag="245"><subfield code="a">Glosary of terms frequently used in plasma physics</subfield></datafield><datafield ind1=" " ind2=" " tag="260"><subfield code="a">New York, American  Institute Of Physics, 1964 Ii + 30 P</subfield></datafield><datafield ind1=" " ind2=" " tag="852"><subfield code="a">D.342</subfield></datafield></record></collection>